@inproceedings{SPOT2005:bartz2005sequential,
  title={Sequential parameter optimization},
  author={Bartz-Beielstein, Thomas and Lasarczyk, Christian WG and Preu{\ss}, Mike},
  booktitle={Evolutionary Computation, 2005. The 2005 IEEE Congress on},
  volume={1},
  pages={773--780},
  year={2005},
  organization={IEEE}
}
@inproceedings{DBLP:conf/hm/Bartz-BeielsteinPR06,
  author    = {Thomas Bartz-Beielstein and
               Mike Preuss and
               G{\"u}nter Rudolph},
  title     = {Investigation of One-Go Evolution Strategy/Quasi-Newton
               Hybridizations},
  booktitle = {Hybrid Metaheuristics},
  year      = {2006},
  pages     = {178-191},
  ee        = {http://dx.doi.org/10.1007/11890584_14},
  crossref  = {DBLP:conf/hm/2006},
  bibsource = {DBLP, http://dblp.uni-trier.de}
}
@inproceedings{Kapfhammer2013,
  author    = "Gregory M. Kapfhammer and Phil McMinn and Chris J. Wright",
  title     = "Search-Based Testing of Relational Schema Integrity Constraints Across Multiple 
               Database Management Systems",
  booktitle = "International Conference on Software Testing, Verification and Validation 
               (ICST 2013)",
  location  = "Luxembourg",
  month     = "March",
  year      = "2013",
  publisher = "IEEE",
  url       = "http://philmcminn.staff.shef.ac.uk/publications/pdfs/2013-icst2.pdf",
  gsid      = "14714555778184478486"
}
@proceedings{DBLP:conf/hm/2006,
  editor    = {Francisco Almeida and
               Mar\'{\i}a J. Blesa Aguilera and
               Christian Blum and
               J. Marcos Moreno-Vega and
               Melqu\'{\i}ades P{\'e}rez P{\'e}rez and
               Andrea Roli and
               Michael Sampels},
  title     = {Hybrid Metaheuristics, Third International Workshop, HM
               2006, Gran Canaria, Spain, October 13-15, 2006, Proceedings},
  booktitle = {Hybrid Metaheuristics},
  publisher = {Springer},
  series    = {Lecture Notes in Computer Science},
  volume    = {4030},
  year      = {2006},
  isbn      = {3-540-46384-4},
  bibsource = {DBLP, http://dblp.uni-trier.de}
}